

%%%%%%%%%%%%%%%%%%%%%%%%%%%%%%%%%%%%%%%%%%%%%%%%%%%%%%%%%%%%%%%%%%%%%%%%%%%%%%%%
%%%%%%%%%%%%%%%%%%%%%%%%%%%%%%%%%%%%%%%%%%%%%%%%%%%%%%%%%%%%%%%%%%%%%%%%%%%%%%%%
%%%%%%%%%%%%%%%%%%%%%%%%%%%% New Citations %%%%%%%%%%%%%%%%%%%%%%%%%%%%%%%%%%%%%
%%%%%%%%%%%%%%%%%%%%%%%%%%%%%%%%%%%%%%%%%%%%%%%%%%%%%%%%%%%%%%%%%%%%%%%%%%%%%%%%
%%%%%%%%%%%%%%%%%%%%%%%%%%%%%%%%%%%%%%%%%%%%%%%%%%%%%%%%%%%%%%%%%%%%%%%%%%%%%%%%

@article{hinton2006reducing,
  title={Reducing the dimensionality of data with neural networks},
  author={Hinton, Geoffrey E and Salakhutdinov, Ruslan R},
  journal={Science},
  volume={313},
  number={5786},
  pages={504--507},
  year={2006},
  publisher={American Association for the Advancement of Science}
}

@inproceedings{elidan2007using,
  title={Using combinatorial optimization within max-product belief propagation},
  author={Elidan, John Duchi Daniel Tarlow Gal and Koller, Daphne},
  booktitle={Advances in Neural Information Processing Systems 19: Proceedings of the 2006 Conference},
  volume={19},
  pages={369},
  year={2007},
  organization={MIT Press}
}

@article{casella1992explaining,
  title={Explaining the Gibbs sampler},
  author={Casella, George and George, Edward I},
  journal={The American Statistician},
  volume={46},
  number={3},
  pages={167--174},
  year={1992},
  publisher={Taylor \& Francis Group}
}


@article{dempster1977maximum,
  title={Maximum likelihood from incomplete data via the EM algorithm},
  author={Dempster, Arthur P and Laird, Nan M and Rubin, Donald B},
  journal={Journal of the royal statistical society. Series B (methodological)},
  pages={1--38},
  year={1977},
  publisher={JSTOR}
}

@TECHREPORT{Salakhutdinov08learningand,
    author = {Ruslan Salakhutdinov and Ruslan Salakhutdinov},
    title = {Learning and evaluating Boltzmann machines},
    year = {2008}
}

@phdthesis{salakhutdinov2009learning,
  title={Learning deep generative models},
  author={Salakhutdinov, Ruslan},
  year={2009},
  school={University of Toronto}
}

@article{fischer2014training,
  title={Training restricted Boltzmann machines: an introduction},
  author={Fischer, Asja and Igel, Christian},
  journal={Pattern Recognition},
  volume={47},
  number={1},
  pages={25--39},
  year={2014},
  publisher={Elsevier}
}


@article{Hinton:38131ww,
title = {Deep Neural Networks for Acoustic Modeling in Speech Recognition},
author  = {Geoffrey Hinton and Li Deng and Dong Yu and George Dahl and Abdel-rahman Mohamed and Navdeep Jaitly and Andrew Senior and Vincent Vanhoucke and Patrick Nguyen and Tara Sainath and Brian Kingsbury},
year  = 2012,
journal = {Signal Processing Magazine}
}

@INPROCEEDINGS{Lin:6100469ww,
author={Miaozhen Lin and Xin Fan},
booktitle={Image and Signal Processing (CISP), 2011 4th International Congress on},
title={Low resolution face recognition with pose variations using deep belief networks},
year={2011},
volume={3},
pages={1522-1526},
keywords={belief networks;face recognition;image resolution;LR manifold;ORL;UMIST;deep belief networks;facial pose variations;high resolution manifold;low resolution face recognition;Databases;Face;Face recognition;Image resolution;Manifolds;Strontium;Training;deep belief network;face recognition;low resolution;pose variation},
doi={10.1109/CISP.2011.6100469},
month={Oct},}

@article{hinton:32723:vv,
  title={To recognize shapes, first learn to generate images},
  author={Hinton, Geoffrey E},
  journal={Progress in brain research},
  volume={165},
  pages={535--547},
  year={2007},
  publisher={Elsevier}
}

@article{neal1992:connectionist,
  title={Connectionist learning of belief networks},
  author={Neal, Radford M},
  journal={Artificial intelligence},
  volume={56},
  number={1},
  pages={71--113},
  year={1992},
  publisher={Elsevier}
}

@article{Hinton:2006:FLA:1161603.1161605,
 author = {Hinton, Geoffrey E. and Osindero, Simon and Teh, Yee-Whye},
 title = {A Fast Learning Algorithm for Deep Belief Nets},
 journal = {Neural Comput.},
 issue_date = {July 2006},
 volume = {18},
 number = {7},
 month = jul,
 year = {2006},
 issn = {0899-7667},
 pages = {1527--1554},
 numpages = {28},
 url = {http://dx.doi.org/10.1162/neco.2006.18.7.1527},
 doi = {10.1162/neco.2006.18.7.1527},
 acmid = {1161605},
 publisher = {MIT Press},
 address = {Cambridge, MA, USA},
}


@article{Hopfield01041982,
author = {Hopfield, J J},
title = {Neural networks and physical systems with emergent collective computational abilities},
volume = {79},
number = {8},
pages = {2554-2558},
year = {1982},
URL = {http://www.pnas.org/content/79/8/2554.abstract},
eprint = {http://www.pnas.org/content/79/8/2554.full.pdf},
journal = {Proceedings of the National Academy of Sciences}
}




@incollection{Hinton:1986:LRB:104279.104291,
 author = {Hinton, G. E. and Sejnowski, T. J.},
 chapter = {Learning and Relearning in Boltzmann Machines},
 title = {Parallel Distributed Processing: Explorations in the Microstructure of Cognition, Vol. 1},
 editor = {Rumelhart, David E. and McClelland, James L. and PDP Research Group, CORPORATE},
 year = {1986},
 isbn = {0-262-68053-X},
 pages = {282--317},
 numpages = {36},
 url = {http://dl.acm.org/citation.cfm?id=104279.104291},
 acmid = {104291},
 publisher = {MIT Press},
 address = {Cambridge, MA, USA},
}

@inproceedings{Pearl1982,
    address = {Pittsburgh, PA},
    author = {Pearl, J.},
    booktitle = {Proceedings of the American Association of Artificial Intelligence National Conference on AI},
    citeulike-article-id = {1584316},
    keywords = {bayes, inference, machine-lerning, probability},
    pages = {133--136},
    posted-at = {2007-08-22 21:44:34},
    priority = {2},
    title = {{Reverend Bayes on inference engines: A distributed hierarchical approach}},
    year = {1982}
}

@book{Barber:2012:BRM:2207809,
 author = {Barber, David},
 title = {Bayesian Reasoning and Machine Learning},
 year = {2012},
 isbn = {0521518148, 9780521518147},
 publisher = {Cambridge University Press},
 address = {New York, NY, USA},
}


@ARTICLE {geoffreye.hintonterrencej.sejnowski1983,
    author  = "Geoffrey E. Hinton and Terrence J. Sejnowski",
    title   = "Analyzing Cooperative Computation",
    journal = "Proceedings of the 5th Annual Congress of the Cognitive Science Society",
    year    = "1983",
    month   = "may"
}

@article{hastings70,
  added-at = {2009-05-22T23:03:45.000+0200},
  author = {Hastings, W. K.},
  biburl = {http://www.bibsonomy.org/bibtex/2f636b3c2026f71ad7f4f6352c2175d80/mboley},
  description = {Origin of Hasting's generalization of Metropolis' algorithm.},
  doi = {10.1093/biomet/57.1.97},
  eprint = {http://biomet.oxfordjournals.org/cgi/reprint/57/1/97.pdf},
  interhash = {d8daa18a6f782f1b2e01071c453f7b4e},
  intrahash = {f636b3c2026f71ad7f4f6352c2175d80},
  journal = {Biometrika},
  keywords = {markovChains},
  number = 1,
  pages = {97-109},
  timestamp = {2009-05-22T23:03:45.000+0200},
  title = {Monte Carlo sampling methods using Markov chains and their applications},
  url = {http://biomet.oxfordjournals.org/cgi/content/abstract/57/1/97},
  volume = 57,
  year = 1970
}

@ARTICLE{Jensen95blockinggibbs,
    author = {Claus Skaanning Jensen and Augustine Kong},
    title = {Blocking Gibbs Sampling in Very Large Probabilistic Expert Systems},
    journal = {Internat. J. Humanâ€“Computer Studies},
    year = {1995},
    volume = {42},
    pages = {647--666}
}
@book{Pearl:1988:PRI:52121,
 author = {Pearl, Judea},
 title = {Probabilistic Reasoning in Intelligent Systems: Networks of Plausible Inference},
 year = {1988},
 isbn = {0-934613-73-7},
 publisher = {Morgan Kaufmann Publishers Inc.},
 address = {San Francisco, CA, USA},
}


@inproceedings{golik2013cross,
  title={Cross-entropy vs. squared error training: a theoretical and experimental comparison.},
  author={Golik, Pavel and Doetsch, Patrick and Ney, Hermann}
}

@inproceedings{huang2012learning,
  title={Learning hierarchical representations for face verification with convolutional deep belief networks},
  author={Huang, Gary B and Lee, Honglak and Learned-Miller, Erik},
  booktitle={Computer Vision and Pattern Recognition (CVPR), 2012 IEEE Conference on},
  pages={2518--2525},
  year={2012},
  organization={IEEE}
}

@inproceedings{liu2014facial,
  title={Facial expression recognition via a boosted deep belief network},
  author={Liu, Ping and Han, Shizhong and Meng, Zibo and Tong, Yan},
  booktitle={Computer Vision and Pattern Recognition (CVPR), 2014 IEEE Conference on},
  pages={1805--1812},
  year={2014},
  organization={IEEE}
}

@INPROCEEDINGS{5649922,
author={Shusen Zhou and Qingcai Chen and Xiaolong Wang},
booktitle={Image Processing (ICIP), 2010 17th IEEE International Conference on},
title={Discriminative Deep Belief Networks for image classification},
year={2010},
pages={1561-1564},
keywords={Boltzmann machines;belief networks;image classification;learning (artificial intelligence);discriminative deep belief network;greedy layerwise unsupervised learning;image classification;restricted Boltzmann machines;semisupervised learning algorithm;Artificial neural networks;Classification algorithms;Error analysis;Learning;Supervised learning;Support vector machines;Training;Discriminative Deep Belief Networks (DDBN);deep learning;image classification;semi-supervised learning},
doi={10.1109/ICIP.2010.5649922},
ISSN={1522-4880},
month={Sept},}

@inproceedings{noulas2008deep,
  title={Deep Belief Networks for dimensionality reduction},
  author={Noulas, Athanasios K and Krse, BJA},
  booktitle={Belgian-Dutch Conference on Artificial Intelligence, Netherland},
  year={2008}
}

@article{mcafee2008document,
  title={Document Classification using Deep Belief Nets},
  author={McAfee, Lawrence}
}

@inproceedings{kim2012learning,
  title={Learning Semantics with Deep Belief Network for Cross-Language Information Retrieval.},
  author={Kim, Jungi and Nam, Jinseok and Gurevych, Iryna},
  year={2012}
}

%%%%%%%%%%%%%%%%%%%%%%%%%%%%%%%%%%%%%%%%%%%%%%%%%%%%%%%%%%%%%%%%%%%%%%%%%%%%%%%%
%%%%%%%%%%%%%%%%%%%%%%%%%%%%%%%%%%%%%%%%%%%%%%%%%%%%%%%%%%%%%%%%%%%%%%%%%%%%%%%%
%%%%%%%%%%%%%%%%%%%%%%%%%%%% Old Citations %%%%%%%%%%%%%%%%%%%%%%%%%%%%%%%%%%%%%
%%%%%%%%%%%%%%%%%%%%%%%%%%%%%%%%%%%%%%%%%%%%%%%%%%%%%%%%%%%%%%%%%%%%%%%%%%%%%%%%
%%%%%%%%%%%%%%%%%%%%%%%%%%%%%%%%%%%%%%%%%%%%%%%%%%%%%%%%%%%%%%%%%%%%%%%%%%%%%%%%



@misc{Hinton-Animations,
  title={Animations Showing Reconstructions of a Deep Belief Network},
  author={Geoffrey Hinton},
  note={\url{http://www.cs.toronto.edu/~hinton/adi/} accessed 17 Aug 2015},
}

@article{Ling:2015by,
    author = {Ling, Zhen-Hua and Kang, Shi-Yin and Zen, Heiga and Senior, Andrew and Schuster, Mike and Qian, Xiao-Jun and Meng, Helen M and Deng, Li},
    title = {{Deep Learning for Acoustic Modeling in Parametric Speech Generation: A systematic review of existing techniques and future trends}},
    journal = {IEEE Signal Processing Magazine},
    year = {2015},
    volume = {32},
    number = {3},
    pages = {41},
    month = apr
}

@book{Smolensky:1986vy,
author = {Smolensky, P},
title = {{Foundations of harmony theory: Cognitive dynamical systems and the subsymbolic theory of information processing}},
publisher = {Parallel distributed processing: Explorations in the {\ldots}},
year = {1986}
}

@misc{2015HistSciPy,
  title = {{History of SciPy}},
  howpublished = {\url{http://wiki.scipy.org/History_of_SciPy/}},
  note = {Accessed: 2015-07-20}
}

@article{mnistlecun,
    author = {Lecun, Yann and Cortes, Corinna},
    citeulike-article-id = {599493},
    citeulike-linkout-0 = {http://yann.lecun.com/exdb/mnist/},
    keywords = {ai, mnist, recognition},
    posted-at = {2009-03-20 17:02:13},
    priority = {2},
    title = {{The MNIST database of handwritten digits}},
    url = {http://yann.lecun.com/exdb/mnist/}
}

@article{Millman:2011wp,
    author = {Millman, K J and Aivazis, M},
    title = {{Python for scientists and engineers}},
    journal = {Computing in Science {\&} Engineering},
    year = {2011}
}

@article{McDermott:2009cs,
    author = {McDermott, Josh H},
    title = {{The cocktail party problem}},
    journal = {Current Biology},
    year = {2009},
    volume = {19},
    number = {22},
    pages = {R1024--R1027},
    month = dec
}

@article{Lecun:1998hy,
    author = {Lecun, Y and Bottou, L and Bengio, Y and Haffner, P},
    title = {{Gradient-based learning applied to document recognition}},
    journal = {Proceedings of the IEEE},
    year = {1998},
    volume = {86},
    number = {11},
    pages = {2278--2324}
}

@INPROCEEDINGS{bergstra+al:2010-scipy,
     author = {Bergstra, James and Breuleux, Olivier and Bastien, Fr{\'{e}}d{\'{e}}ric and Lamblin, Pascal and Pascanu, Razvan and Desjardins, Guillaume and Turian, Joseph and Warde-Farley, David and Bengio, Yoshua},
      month = jun,
      title = {Theano: a {CPU} and {GPU} Math Expression Compiler},
  booktitle = {Proceedings of the Python for Scientific Computing Conference ({SciPy})},
       year = {2010},
   location = {Austin, TX},
       note = {Oral Presentation}
}


@article{scikit-learn,
 title={Scikit-learn: Machine Learning in {P}ython},
 author={Pedregosa, F. and Varoquaux, G. and Gramfort, A. and Michel, V.
         and Thirion, B. and Grisel, O. and Blondel, M. and Prettenhofer, P.
         and Weiss, R. and Dubourg, V. and Vanderplas, J. and Passos, A. and
         Cournapeau, D. and Brucher, M. and Perrot, M. and Duchesnay, E.},
 journal={Journal of Machine Learning Research},
 volume={12},
 pages={2825--2830},
 year={2011}
}

@online{pict,
 author  = "Wikimedia Commons",
 title   = "Modern-captcha",
 year    = "2007",
 urlseen = "10-07-15",
 url     = "https://commons.wikimedia.org/wiki/File:Modern-captcha.jpg",
 note    = "File: \ttfamily{Modern-captcha.jpg}",
}

@article{Bengio:2013bu,
    author = {Bengio, Y and Courville, A and Vincent, P},
    title = {{Representation Learning: A Review and New Perspectives}},
    journal = {IEEE Transactions on Pattern Analysis and Machine Intelligence},
    year = {2013},
    volume = {35},
    number = {8},
    pages = {1798--1828}
}

@misc{1_shet_2014,
 author={Shet, Vinay},
 title={Google Security Blog},
 url={http://googleonlinesecurity.blogspot.co.nz/2014/12/are-you-robot-introducing-no-captcha.html},
 journal={Are you a robot? Introducing ?No CAPTCHA reCAPTCHA?},
 year={2014}
 }
